@misc{
ref1,
author={Wikipédia},
title={Liste des systèmes d'exploitation temps réel},
note={\url{https://fr.wikipedia.org/wiki/Liste_des_syst\%C3\%A8mes_d\%27exploitation_temps_r\%C3\%A9el}}
}

@misc{
ref2,
author={gnu.org},
title={Liste des licences avec commentaires - Projet GNU - Free Software Foundation},
note={\url{https://www.gnu.org/licenses/license-list.html}}
}

@misc{
ref3,
author={Wikipédia},
title={ARM Cortex-M},
note={\url{https://fr.wikipedia.org/wiki/ARM\_Cortex-M\#ARMv7}}
}

@misc{
ref4,
author={gno.org},
title={GNU Coding Standards},
note={\url{https://www.gnu.org/prep/standards/standards.html}}
}

@misc{
ref5,
author={Open Source Initiative},
title={The MIT License},
note={\url{}}
}

@misc{
ref6,
author={Wikipédia},
title={FreeRTOS},
note={\url{https://fr.wikipedia.org/wiki/FreeRTOS}}
}

@misc{
ref7,
author={TrampolineRTOS wiki},
title={Building an application},
note={\url{https://github.com/TrampolineRTOS/trampoline/wiki/Building-an-application}}
}

@misc{
ref8,
author={gnu.org},
title={License:BSD-3-Clause},
note={\url{https://directory.fsf.org/wiki/License:BSD-3-Clause}}
}

@misc{
ref9,
author={www.emcraft.com},
title={What is the Minimal Footprint of uClinux?},
note={\url{https://www.emcraft.com/stm32f429discovery/what-is-minimal-footprint}}
}

@misc{
ref10,
author={IEEE Internet of Things Journal},
title={RIOT: an Open Source Operating System for Low-end Embedded Devices in the IoT},
year={2018},
note={\url{http://riot-os.org/docs/riot-ieeeiotjournal-2018.pdf}}
}

@misc{
ref11,
author={Wikipédia},
title={RIOT (système d'exploitation)},
note={\url{https://fr.wikipedia.org/wiki/RIOT_(syst\%C3\%A8me_d\%27exploitation)}}
}

@misc{
ref12,
author={Joshua DeWeese},
title={Creating your first RIOT project},
month={jan},
year={2018},
note={\url{https://github.com/RIOT-OS/RIOT/wiki/Creating-your-first-RIOT-project}}
}

@misc{
ref13,
author={RIOT documentation},
title={Tutorials for RIOT},
note={\url{https://github.com/RIOT-OS/Tutorials/blob/master/README.md}}
}

@misc{
ref20,
author={Auteur du document},
title={Titre du document},
month={dec},
year={2015},
note={\url{}}
}
